3508 2479
3139 522 3273 600 331
606 699 3249 813 Gratiam et pacem a domino. Epistolam, quam litteris exposcebas, nuncii inportu
618 801 3225 948 nitas, tum laborum meorum assiduitas in causa fuit ne mitterem.
612 913 3115 1054 Proximo tamen nunctio voti te compotem reddere volo epistola satis
618 1024 3070 1158 prolixa, que exscribendo opera opus habet. Sed ut polliceor, praestabo.
612 1146 3061 1291 Vale in domino et Gervasium pristino studio prosequere. Datum
609 1263 2225 1359 vicesima prima februarii anno 1532.
2275 1339 3061 1414 Grüß mir von
621 1384 2873 1501 hertzen din hußfrow, myner triebßal ein trüwe mittlyde.
2054 1666 2947 1768 Gervasius Scolasticus.
