2479 3508
197 546 284 630 Ihr
213 612 307 666 te zin
848 115 1649 236 Iratiam a pacem a deo per
886 179 1094 248 schüßung
315 192 2297 336 Quod tu ex me quorundam locorum in paulo ad Rhein: terrique difficilium explaciam
2011 190 2116 300 34
320 297 2262 394 tionem flagitas, frater charissime, ex punrice aquam cogis. Sed ne longis
312 338 2226 461 excusationibus te degravem, neve te (quod vehementer depraearis) abycere vedear
307 415 2256 517 Sententiam, quam Christo dignam puto, paucis accipe. At nolo mihi quidquam hac in re
302 482 2241 576 adscribas, qui sacras litteras vix dum alimine salutavi. Cotendo quidem in deo dure
307 538 2318 625 indies magis ac magis que ipsius sunt intelligam, sed neque currentis est neque volentis
305 566 2331 694 sed miserintis dei, cum tu acceptum foras se quid ipso dignis protulcio. Audilii quondam
256 658 2313 756 nis Huldericum Zuiplium synocri ac acerrimi iudicii virum, quo et receptore in sacris litteris iteris
251 689 748 756 ꝑfecetrit in epęlic e tìpet. Sĩm. do
307 730 2305 797 Epistolam pauli ad Rhom pro publico suggestu explanantem, ubi huius locum iusticio
307 776 2228 868 dei per evangelium patefit ex fide in fidem) plane sic exposuit, quemadmodum tu in
218 781 348 886 In König
307 843 2200 917 collectariis tuis adnotasti. Significat enim πίρις non modo adulitatem
320 891 2177 976 sed et virtutatem ac promissi constantiam. Quod et libris frequenus est in hac
302 937 2175 1068 dictione propre amiiner que ab ipse amen decinatur significat enim et sorp
305 1024 2277 1124 amüna ventatem firmitatem, ut ex psalmo 32 docte colligis sic autem
305 1086 2280 1206 Ebraica habent τιοψχοχ ἔτυυν ἐυι εἱ σρὴς eius in itutate, nam sepe singula
307 1158 2123 1237 ri numero pro plurali ituntur, praestitim in dictione habet quod omni significat
302 1214 2210 1319 Gott ist styff worhafft getruw zc. Sed iuxta hanc expositionem praedictus locus
307 1281 2121 1391 Sic ordinari debette puto, ut primum πίϛις (nam hoc bis he dictio ponitur
318 1342 2254 1450 ἐκ πῖϛευς ἐις πίϛιν) ad pro certa fiducia et credulitate eius qui promisses adheret,
305 1396 2280 1496 Alterum pro veritate promittentis quam certo polliata praestat & minime fallius accipi
300 1483 2282 1539 ater, Sic Ex fide in fidem, vs vertruwen vnd glauben in die truwe vnd warhafft
297 1534 2272 1626 verheissung gottes. Nam hinc nimirum custua est, cum promittanti /
305 1591 2241 1665 deo credimus, non solum autem iusti sumus dum ipse promittit
302 1642 2274 1731 sed si nos firma fiducia, promissionibus suis fisi et adhoscrimus. Sensus ergo est,
315 1690 2164 1798 Dominum agnoscunt homines imo credunt id deum praestare quod ꝑ os
302 1767 2295 1870 prophetarum suorum promiserat. Justus enim ex fide Viuet id est ex eo quod credit
305 1813 2251 1967 Alterum Ioann cap. 2 sic exposuit Zvinglius Gentibus quibus lex de scripta data non fuer
259 1890 2167 2016 inscribit dus que ligis sunt in corda. Vb. primum observabis Paulum hic de natura
300 1988 2210 2082 mori gentium loꝗ q. d. Vos gentis qn̄ qdem putatis hanc naturam esse aliis
297 2039 2290 2151 facere que vosis furi cupitis / et interim donem vobis naturam hoc posse, nihil aliud
287 2087 2267 2210 exterquebitis nisi quod et in vobis sit lex / adioque vos peccatores et preuarivatores legis esse
287 2146 2208 2267 Natura ego hic non accipitur (si Pauli mentem respicius) pro eo, quod ux nobis est,
279 2208 2274 2326 Nihil mihi nature nostrę magis aduasum magisque contrarium est quam lex, quam diligere
282 2267 2318 2397 proximum et scipsum. Quare naturam intelligas optet per continentem illam perpetuamque
287 2310 2338 2449 dei opationem. Accedit ego paulus hoc loco non nihil ad gentium (cum deo loquis
271 2382 2277 2502 Morem non quod ipse sic antiat, sed quod gentiles sic senterint inter quos et judios thic
289 2438 2295 2564 sequistum agit. Unde et in primo cap. dixerat Noticia dei manifestata est
292 2505 2303 2628 illis, caute adjugens. Deus enim manifestavit eis, in quis hoc nature tribueret
289 2569 2267 2671 Natura anno inc opationem dei quam cetera in ipsissimus opatur significat quam ostendit
292 2630 2336 2751 legem et manifestat eius voluntatem suam Hanc autem operationem adfectibus
289 2687 2223 2794 obecati et obruti ipsi non sequuntur, tametsi sentiunt. Nec est quod in his verbis
292 2753 2297 2838 torquaris (que legis sunt opus legis) nam per hec paulus sententiam tenorem ac mentem
300 2820 2251 2907 legis stelligit die meynung, den inhalt des gsitzs Vult ergo Paulus sie dicere
289 2856 2300 2979 Tannosi gentes scriptam legem non habent et judi. Deus tamen que legis
297 2935 2267 3020 sunt: que lex precipit in eorum cordibus scribit manifestat ostendit, quod et car
300 3015 2292 3107 secutię et cogitationes cottus testantur, ut neque ipsi peccatis se immulies ac liberorum
287 3045 2221 3186 ducio possint. Hac sic soubem mi henrice, non quod aliosum iudicium contemnam, aut
