850 1280
60 138 156 182 Österia ka¬
742 40 791 79 2084
167 39 812 99 S. D. P. E. pistolam tuam sumo cum gaudio recepi
162 85 824 149 logique, quę quantum plixior erat tantum magis arri
164 120 800 187 fit, quum hinc et maxime ex laboribus quas meis
162 157 820 226 nagis impendere dionatus es colligere possim ann
162 197 820 249 rem in me non vulgarem, quem audum nunc
161 242 781 286 tamen artius comperi. Osare gratiam non
161 270 816 335 immerito summam tibi habeo, hanc aliquando
164 312 818 367 si oportunitas occurrat estaturus. Caterum cosi¬
164 347 805 409 lio tuo obtemperaturus cumque otium erit omnia
162 381 819 445 recognoscam, Itibi forsan denuo summa lima polienda
163 421 812 469 Chamanitas enim tua talia mihi promittere videtur,
159 457 783 504 quam itidem oro has literas adiacentes Consuli
166 492 820 553 jenatniqe det, quibp respondeo de catena aurea quam
163 542 773 601 a me petierunt spero tamen ellos ab incepto
160 573 815 624 destituros. Quare cum res sit tibi nota far ut
159 608 791 669 et hic amirum te eius intercessionibus sentiam,
160 646 821 717 cum apud sinatu tum illos huit rei sclectos
156 685 813 735 quorum unus est.D. holuchalm quem cum ceteris
159 719 812 791 hominatim salutabis. Bis diebus apud mesuit
156 761 820 834 Memradꝝ schriber, huic ad te ferendum Homero
160 802 776 869 tradidi, quem dono tibi, mitto munz quidem
162 847 766 907 parun pigny tn erit maem amoris, plura
160 884 784 940 scriberem in indior scitus brevitasque temporis
160 917 820 985 impedirent, iteꝝ nale ac ceterū ut næſti agede, intellige
164 958 663 1023 Znarni 3 Calem: Apri: anno 1546
572 1085 807 1153 Tuus intimx anni
576 1132 803 1186 Iodem a Maegen 1
576 1170 655 1217 .
